@article{palmer1996exploring,
        author="Daniel W. Palmer",
        title="Exploring Recursion with Variations on the Towers of Hanoi",
        journal="Journal of Computing Sciences in Colleges",
        publisher="Consortium for Computing Sciences in Colleges",
        year="1996",
        volume="12",
        number="2",
        pages="58-66"
        }
